@articles{site:mit-weiser,
    title     = {The computer for the 21st century},
    author    = {Mark Weiser},
    year      = {1999},
    publisher = {ACM},
    address   = {New York, NY, USA},
    url       = {https://web.archive.org/web/20150311220327/http://web.media.mit.edu/~anjchang/ti01/weiser-sciam91-ubicomp.pdf}    
}

@online{site:mellon-uni,
    title   = {The Carnegie Mellon University Computer Science Department Coke Machine},
    url     = {https://www.cs.cmu.edu/~coke/history_long.txt}
}

@online{site:iot-kashton,
    title   = {That 'Internet of Things' Thing},
    author  = {Kevin Ashton},
    url     = {http://www.rfidjournal.com/articles/view?4986},
    year    = {2009}
}

@article{site:pc-to-things,
    title   = {From the Internet of Computers to the Internet of Things},
    author  = {Friedemann Mattern, Christian Floerkemeier},
    url     = {http://www.vs.inf.ethz.ch/publ/papers/Internet-of-things.pdf},
    year    = {2010}
}

@online{site:forbes-iot,
    title   = {2017 Roundup Of Internet Of Things Forecasts},
    author  = {Louis Columbus},
    url     = {https://www.forbes.com/sites/louiscolumbus/2017/12/10/2017-roundup-of-internet-of-things-forecasts},
    date    = {2017-12-10}
}

@online{site:iot-long-trend,
    url = {https://trends.google.com/trends/explore?date=2004-01-01%202017-12-31&q=internet%20of%20things}
}

@online{site:iot-devices-trend,
    url = {https://trends.google.com/trends/explore?date=2004-01-01%202017-12-31&q=iot%20devices}
}

@online{site:iot-short-trend,
    url = {https://trends.google.com/trends/explore?date=2004-01-01%202017-12-31&q=iot}
}

@online{site:load-balancing,
    title = {Load balancing},
    url   = {https://en.wikipedia.org/wiki/Load_balancing_(computing)}
}

@online{site:smart-device,
    title = {Smart device},
    url   = {https://en.wikipedia.org/wiki/Smart_device}
}

@book{book:beginning-sw-eng,
  title     = {Beginning Software Engineering},
  author    = {Rod Stephens},
  publisher = {John Wiley \& Sons},
  year      = {2015}
}

@online{site:fowler-microservices,
  title  = {Microservices, a definition of this new architectural term},
  author = {Martin Fowler},
  year   = {2014},
  url    = {https://martinfowler.com/articles/microservices.html}   
}

@online{site:aspettativa,
  title  = {Disposizioni per il sostegno della maternità e della paternità, per il diritto alla cura e alla formazione e per il coordinamento dei tempi delle città},
  year   = {2000},
  url    = {http://www.camera.it/parlam/leggi/00053l.htm}
}